<record><leader>00000cas a22000007a 4500</leader><controlfield tag="001">13776846</controlfield><controlfield tag="008">860625c19299999nvuwn ne      0   a0eng d</controlfield><datafield ind1=" " ind2=" " tag="010"><subfield code="a">sn 86076997 </subfield></datafield><datafield ind1=" " ind2=" " tag="040"><subfield code="a">NNX</subfield><subfield code="b">eng</subfield><subfield code="c">NNX</subfield><subfield code="d">NSD</subfield><subfield code="d">OCLCQ</subfield></datafield><datafield ind1=" " ind2=" " tag="012"><subfield code="l">1</subfield></datafield><datafield ind1="1" ind2=" " tag="022"><subfield code="a">1098-3864</subfield><subfield code="l">1098-3864</subfield><subfield code="2">1</subfield></datafield><datafield ind1=" " ind2=" " tag="042"><subfield code="a">msc</subfield><subfield code="a">nsdp</subfield></datafield><datafield ind1=" " ind2="0" tag="222"><subfield code="a">Lovelock review-miner</subfield></datafield><datafield ind1="0" ind2="0" tag="245"><subfield code="a">Lovelock review-miner.</subfield></datafield><datafield ind1=" " ind2=" " tag="260"><subfield code="a">Lovelock, Nev. :</subfield><subfield code="b">W.C. Black,</subfield><subfield code="c">1929-</subfield></datafield><datafield ind1=" " ind2=" " tag="300"><subfield code="a">v. :</subfield><subfield code="b">ill.</subfield></datafield><datafield ind1=" " ind2=" " tag="310"><subfield code="a">Weekly</subfield></datafield><datafield ind1="0" ind2=" " tag="362"><subfield code="a">Vol. 22, no. 20 (May 24, 1929)-</subfield></datafield><datafield ind1=" " ind2=" " tag="500"><subfield code="a">Publisher: Jan. 16, 1931-Aug. 25, 1933, R.W. Morrison &amp; P.K. Gardner; Sept. 1, 1933-July 14, 1966, P.K. Gardner; July 21, 1966-Mar. 25, 1971, Pershing Pub. Co.</subfield></datafield><datafield ind1=" " ind2=" " tag="588"><subfield code="a">Latest issue consulted: Vol. 93, no. 48 (Nov. 26, 1997).</subfield></datafield><datafield ind1=" " ind2=" " tag="752"><subfield code="a">United States</subfield><subfield code="b">Nevada</subfield><subfield code="c">Pershing</subfield><subfield code="d">Lovelock.</subfield></datafield><datafield ind1="0" ind2="0" tag="780"><subfield code="t">Review-miner</subfield><subfield code="w">(DLC)sn 86076998</subfield></datafield></record>